@article{weber,
   author={John E. Sohl},
   title={'The Atmosniffer: A Broad Spectrum, Air $\&$ Enverionmental Monitoring System},
   journal={Business Plan},
   year=2019,
}
 @misc{who, title={Ambient (outdoor) Air Pollution}, url={https://www.who.int/news-room/fact-sheets/detail/ambient-(outdoor)-air-quality-and-health}, journal={World Health Organization}, publisher={World Health Organization}} 
 @misc{pandas, title={Pandas}, url={https://pypi.org/project/pandas/}, journal={PyPI}} 
 @misc{pyqt5, title={PYQT5}, url={https://pypi.org/project/PyQt5/}, journal={PyPI}}
 @misc{serial, title={Pyserial}, url={https://pypi.org/project/pyserial/}, journal={PyPI}}
 @misc{webbrowser, title={Webbrowser - convenient web-browser controller}, url={https://docs.python.org/3/library/webbrowser.html}, journal={webbrowser - Convenient Web-browser controller - Python 3.9.7 documentation}}
 @misc{csv, title={CSV - csv file reading and writing}, url={https://docs.python.org/3/library/csv.html}, journal={csv - CSV File Reading and Writing - Python 3.9.7 documentation}} \
 @misc{os, title={OS - miscellaneous operating system interfaces}, url={https://docs.python.org/3/library/os.html}, journal={os - Miscellaneous operating system interfaces - Python 3.9.7 documentation}}
 @misc{cxfreeze, title={CX-Freeze}, url={https://pypi.org/project/cx-Freeze/}, journal={PyPI}}
 @misc{matplotlib, title={Matplotlib}, url={https://pypi.org/project/matplotlib/}, journal={PyPI}}
 @misc{io, title={IO - core tools for working with streams}, url={https://docs.python.org/3/library/io.html}, journal={io - Core tools for working with streams - Python 3.9.7 documentation}} 
 @misc{datetime, title={Datetime - basic date and time types}, url={https://docs.python.org/3/library/datetime.html}, journal={datetime - Basic date and time types - Python 3.9.7 documentation}} 